<?xml version="1.0" encoding="UTF-8"?>
<collection xmlns="http://www.loc.gov/MARC21/slim">
    <record>
        <leader>00841cas a22002292i 4500</leader>
        <controlfield tag="001">a7575731</controlfield>
        <controlfield tag="008">970820u19uu9999mauar             a0eng d</controlfield>
        <datafield tag="245" ind1=" " ind2=" ">
            <subfield code="a">Jackson LC should be ALPHANUM</subfield>
        </datafield>
        <datafield tag="999" ind1=" " ind2=" ">
            <subfield code="a">1ST AMERICAN BANCORP, INC.</subfield>
            <subfield code="w">LC</subfield>
            <subfield code="i">JL28537S</subfield>
            <subfield code="l">ASK@GSB</subfield>
            <subfield code="m">JACKSON</subfield>
        </datafield>
        <datafield tag="999" ind1=" " ind2=" ">
            <subfield code="a">202 DATA SYSTEMS, INC.</subfield>
            <subfield code="w">LC</subfield>
            <subfield code="i">JL11613S</subfield>
            <subfield code="l">ASK@GSB</subfield>
            <subfield code="m">JACKSON</subfield>
        </datafield>    
    </record>