
    <!-- question mark call number -->   
    <record>
        <leader>01820cam a2200457La 4500</leader>
        <controlfield tag="001">a7603175</controlfield>
        <controlfield tag="008">010111s1997    mdu          o00| 0 eng d</controlfield>
        <datafield tag="245" ind1=" " ind2=" ">
            <subfield code="a">question mark call number</subfield>
        </datafield>
        <datafield tag="999" ind1=" " ind2=" ">
            <subfield code="a">???</subfield>
            <subfield code="w">LC</subfield>
            <subfield code="i">LL205659</subfield>
            <subfield code="l">ASK@LANE</subfield>
            <subfield code="m">LANE-MED</subfield>
        </datafield>
    </record>