    
    <record>
        <leader>01357ctm a2200349La 4500</leader>
        <controlfield tag="001">a7811196</controlfield>
        <controlfield tag="008">091022s2009    caua    r     000 0 eng d</controlfield>
        <datafield tag="245" ind1="1" ind2="0">
            <subfield code="a">Jackson LC should be ASIS</subfield>
        </datafield>
        <datafield tag="999" ind1=" " ind2=" ">
            <subfield code="a">KHREHBIEL/MALHOTRA/MONIN/SAUMITRA</subfield>
            <subfield code="w">LC</subfield>
            <subfield code="i">JJ181806</subfield>
            <subfield code="l">ASK@GSB</subfield>
            <subfield code="m">JACKSON</subfield>
        </datafield>
    </record>