
    <record>
        <leader>01357ctm a2200349La 4500</leader>
        <controlfield tag="001">a8238755</controlfield>
        <controlfield tag="008">091022s2009    caua    r     000 0 eng d</controlfield>
        <datafield tag="245" ind1="1" ind2="0">
            <subfield code="a">Jackson LC should be ALPHANUM</subfield>
        </datafield>
        <datafield tag="999" ind1=" " ind2=" ">
            <subfield code="a">ARCHIVES N&amp;P 090606</subfield>
            <subfield code="w">LC</subfield>
            <subfield code="i">JJ182661</subfield>
            <subfield code="l">ASK@GSB</subfield>
            <subfield code="m">JACKSON</subfield>
        </datafield>
    </record>