
    
    <record>
        <leader>01357ctm a2200349La 4500</leader>
        <controlfield tag="001">aJacksonValidDewey</controlfield>
        <controlfield tag="008">091022s2009    caua    r     000 0 eng d</controlfield>
        <datafield tag="245" ind1="1" ind2="0">
            <subfield code="a">Lane Valid Dewey (just in case)</subfield>
        </datafield>
        <datafield tag="999" ind1=" " ind2=" ">
            <subfield code="a">666 .T666</subfield>
            <subfield code="w">LC</subfield>
            <subfield code="i">JJ666</subfield>
            <subfield code="l">ASK@GSB</subfield>
            <subfield code="m">JACKSON</subfield>
        </datafield>
    </record>