
    
    <!-- letter O -->    
    <record>
        <leader>00449cam a22001695i 4500</leader>
        <controlfield tag="001">aletterO</controlfield>
        <controlfield tag="008">090917 2009    xx                  eng  </controlfield>
        <datafield tag="245" ind1=" " ind2=" ">
            <subfield code="a">LC call number can't start with letter O</subfield>
        </datafield>
        <datafield tag="999" ind1=" " ind2=" ">
            <subfield code="a">O'REILLY</subfield>
            <subfield code="w">LC</subfield>
            <subfield code="i">JJ175237</subfield>
            <subfield code="l">ASK@GSB</subfield>
            <subfield code="m">JACKSON</subfield>
        </datafield>
        <datafield tag="999" ind1=" " ind2=" ">
            <subfield code="a">ONLINE RESOURCE</subfield>
            <subfield code="w">LC</subfield>
            <subfield code="i">JJ183188</subfield>
            <subfield code="l">ASK@GSB</subfield>
            <subfield code="m">JACKSON</subfield>
        </datafield>
    </record>
    <!-- Y -->
    <record>
        <leader>00455cam a22001695i 4500</leader>
        <controlfield tag="001">aletterY</controlfield>
        <controlfield tag="008">090106 2009    xx                  eng  </controlfield>
        <datafield tag="035" ind1=" " ind2=" ">
            <subfield code="a">LC callnum can't start with Y</subfield>
        </datafield>
        <datafield tag="999" ind1=" " ind2=" ">
            <subfield code="a">Y210 .A3F6 1973</subfield>
            <subfield code="w">LC</subfield>
            <subfield code="i">LL41857</subfield>
            <subfield code="l">ASK@LANE</subfield>
            <subfield code="m">LANE-MED</subfield>
        </datafield>
    </record>