
    <!-- parens call numbers -->    
    <record>
        <leader>00847cam a22002775a 4500</leader>
        <controlfield tag="001">aparen</controlfield>
        <controlfield tag="008">060323s2005    tu            000 0 tur  </controlfield>
        <datafield tag="245" ind1=" " ind2=" ">
            <subfield code="a">call number in parens</subfield>
        </datafield>   
        <datafield tag="999" ind1=" " ind2=" ">
            <subfield code="a">(THE) NWNL COMPANIES, INC.</subfield>
            <subfield code="w">LC</subfield>
            <subfield code="i">JL8237S</subfield>
            <subfield code="l">ASK@GSB</subfield>
            <subfield code="m">JACKSON</subfield>
        </datafield>
    </record>