
    <!-- period callnum -->    
    <record>
        <leader>01501cam a2200421La 4500</leader>
        <controlfield tag="001">aperiod</controlfield>
        <controlfield tag="008">970103s1996    inua    v     001 0 eng d</controlfield>
        <datafield tag="245" ind1=" " ind2=" ">
            <subfield code="a">period call number</subfield>
        </datafield>
        <datafield tag="999" ind1=" " ind2=" ">
            <subfield code="a">.W42 1996</subfield>
            <subfield code="w">LC</subfield>
            <subfield code="i">LL90670</subfield>
            <subfield code="l">ASK@LANE</subfield>
            <subfield code="m">LANE-MED</subfield>
        </datafield>
        <datafield tag="999" ind1=" " ind2=" ">
            <subfield code="a">.G59</subfield>
            <subfield code="w">LC</subfield>
            <subfield code="i">LL89612</subfield>
            <subfield code="l">ASK@LANE</subfield>
            <subfield code="m">LANE-MED</subfield>
        </datafield>
    </record>