 <!-- double quote call num ? -->    
    <record>
        <leader>00650cas a2200205ui 4500</leader>
        <controlfield tag="001">aquote</controlfield>
        <controlfield tag="008">960703d19uu1959xxuar              0eng d</controlfield>
        <datafield tag="245" ind1=" " ind2=" ">
            <subfield code="a">double quote call num</subfield>
        </datafield>    
        <datafield tag="999" ind1=" " ind2=" ">
            <subfield code="a">"NEW BEGINNING" INVESTMENT RESERVE FUND,</subfield>
            <subfield code="w">LC</subfield>
            <subfield code="i">JL36924S</subfield>
            <subfield code="l">ASK@GSB</subfield>
            <subfield code="m">JACKSON</subfield>
        </datafield>
        <datafield tag="999" ind1=" " ind2=" ">
            <subfield code="a">"21" BRANDS, INCORPORATED</subfield>
            <subfield code="w">LC</subfield>
            <subfield code="i">JL41534S</subfield>
            <subfield code="l">ASK@GSB</subfield>
            <subfield code="m">JACKSON</subfield>
        </datafield>
    </record>
    
    <!-- invalid Green LC for error message -->
    <record>
        <leader>00455cam a22001695i 4500</leader>
        <controlfield tag="001">aZZgreenInvalidLC</controlfield>
        <controlfield tag="008">090106 2009    xx                  eng  </controlfield>
        <datafield tag="035" ind1=" " ind2=" ">
            <subfield code="a">invalid LC call number for Green</subfield>
        </datafield>
        <datafield tag="999" ind1=" " ind2=" ">
            <subfield code="a">Y210 .A3F6 1973</subfield>
            <subfield code="w">LC</subfield>
            <subfield code="i">94025</subfield>
            <subfield code="l">STACKS</subfield>
            <subfield code="m">GREEN</subfield>
        </datafield>
    </record>
    
</collection>